!TRNS	TRNSID	TRNSTYPE	DATE	ACCNT	NAME	AMOUNT	DOCNUM	MEMO
!SPL	SPLID	TRNSTYPE	DATE	ACCNT	NAME	AMOUNT	MEMO
!ENDTRNS
TRNS		CHECK	01/19/2024	Main Checking	Gas Station	-70.00
SPL		CHECK	01/19/2024	Automobile:Fuel	Gas Station	10.00
SPL		CHECK	01/19/2024	Automobile:Repairs		30.00
SPL		CHECK	01/19/2024	Office Supplies		30.00
ENDTRNS
