!TRNS	TRNSID	TRNSTYPE	DATE	ACCNT	NAME	AMOUNT	DOCNUM	MEMO
!SPL	SPLID	TRNSTYPE	DATE	ACCNT	NAME	AMOUNT	MEMO
!ENDTRNS
TRNS		CHECK	01/15/2024	Main Checking	Test Vendor	-100.00
SPL		CHECK	01/15/2024	Office Supplies	Test Vendor	100.00
ENDTRNS
TRNS		DEPOSIT	01/16/2024	Main Checking	Test Customer	500.00
SPL		DEPOSIT	01/16/2024	Service Revenue	Test Customer	-500.00
ENDTRNS
